<record xmlns='http://www.loc.gov/MARC21/slim'><leader>01683cim a22003852u 4500</leader><controlfield tag='001'>3601962</controlfield><controlfield tag='005'>20151214183005.0</controlfield><controlfield tag='007'>ss|lmnjluz|nuu</controlfield><controlfield tag='008'>991101s1988    nyunnn         l    eng d</controlfield><datafield ind1=' ' ind2=' ' tag='035'><subfield code='a'>(NIC)notisASF9027</subfield></datafield><datafield ind1=' ' ind2=' ' tag='035'><subfield code='a'>3601962</subfield></datafield><datafield ind1=' ' ind2=' ' tag='035'><subfield code='a'>(OCoLC)63898564</subfield></datafield><datafield ind1=' ' ind2=' ' tag='040'><subfield code='a'>NIC</subfield><subfield code='c'>NIC</subfield><subfield code='d'>NIC</subfield></datafield><datafield ind1='1' ind2=' ' tag='100'><subfield code='a'>Rishmawi, Mona.</subfield></datafield><datafield ind1='1' ind2='0' tag='245'><subfield code='a'>Arab women and political struggles: the case of Palestinian women during the Intifadah</subfield><subfield code='h'>[sound recording]</subfield></datafield><datafield ind1=' ' ind2=' ' tag='260'><subfield code='c'>1988.</subfield></datafield><datafield ind1=' ' ind2=' ' tag='300'><subfield code='a'>1 sound cassette (70 min.) :</subfield><subfield code='b'>analog, mono.</subfield></datafield><datafield ind1=' ' ind2=' ' tag='500'><subfield code='a'>Recorded in Ithaca, NY by Cornell University.</subfield></datafield><datafield ind1=' ' ind2=' ' tag='500'><subfield code='a'>Accompanied by: Notes.</subfield></datafield><datafield ind1=' ' ind2=' ' tag='500'><subfield code='a'>Sponsored by: University Lectures Committee,Center for International Studies,Society for the Humanities,Women&apos;s Studies Program,Faculty Committee on Arabic and Islamic Studies of the College of Arts and Sciences.</subfield></datafield><datafield ind1=' ' ind2=' ' tag='500'><subfield code='a'>Speaker(s): Practicing lawyer, Human rights activist in Al-Haqq, Ramallah, the West Bank.</subfield></datafield><datafield ind1=' ' ind2=' ' tag='518'><subfield code='a'>Lecture, October 8, 1988.</subfield></datafield><datafield ind1=' ' ind2=' ' tag='520'><subfield code='a'>Rishmawi discusses the role of Palestinian women in the Intifadah.</subfield></datafield><datafield ind1=' ' ind2='0' tag='650'><subfield code='a'>Women in Islam.</subfield></datafield><datafield ind1=' ' ind2='0' tag='650'><subfield code='a'>Women, Palestinian Arab.</subfield></datafield><datafield ind1=' ' ind2='0' tag='650'><subfield code='a'>Women</subfield><subfield code='x'>Political activity</subfield><subfield code='z'>Arab countries.</subfield></datafield><datafield ind1=' ' ind2='7' tag='650'><subfield code='a'>Women in Islam</subfield><subfield code='2'>fast</subfield><subfield code='0'>(OCoLC)fst01177797</subfield></datafield><datafield ind1=' ' ind2='7' tag='650'><subfield code='a'>Women, Palestinian Arab</subfield><subfield code='2'>fast</subfield><subfield code='0'>(OCoLC)fst01179079</subfield></datafield><datafield ind1=' ' ind2='7' tag='650'><subfield code='a'>Women</subfield><subfield code='x'>Political activity</subfield><subfield code='2'>fast</subfield><subfield code='0'>(OCoLC)fst01734136</subfield></datafield><datafield ind1=' ' ind2='7' tag='651'><subfield code='a'>Arab countries</subfield><subfield code='2'>fast</subfield><subfield code='0'>(OCoLC)fst01240128</subfield></datafield><datafield ind1=' ' ind2='0' tag='830'><subfield code='a'>Feminist perspectives on women in the Arabo-Islamic culture.</subfield></datafield><datafield ind1=' ' ind2='0' tag='830'><subfield code='a'>Arabic and Islamic lectures.</subfield></datafield><datafield ind1='1' ind2=' ' tag='899'><subfield code='a'>CULectures</subfield></datafield><datafield ind1=' ' ind2=' ' tag='905'><subfield code='a'>20000316120000.0</subfield></datafield><datafield ind1='2' ind2=' ' tag='948'><subfield code='a'>20141221</subfield><subfield code='b'>m</subfield><subfield code='d'>batch</subfield><subfield code='e'>lts</subfield><subfield code='x'>addfast</subfield></datafield></record>